@techreport {PersuasiveVR,
   author = {Chittaro, L. And  Zangrando, N.},
   title = {The Persuasive Power of Virtual Reality: Effects of Simulated Human Distress on Attitudes towards Fire Safety},
   url ={https://link.springer.com/chapter/10.1007/978-3-642-13226-1_8},
   year = {2010}
}

@techreport {SocialSkillsVG,
   author = {Zamani, E. And Kheradmand, A. And Cheshmi, M. And Abedi, A. And Hedayati, N.},
   title = {Comparing the Social Skills of Students Addicted to Computer Games with Normal Students},
   url ={https://www.ncbi.nlm.nih.gov/pmc/articles/PMC3905509/},
   year = {2010}
}

@techreport {CameraPrivacy,
   author = {Rodrigues, M. And Kormann, M. And Al-Dulaimi, M.},
   title = {Data protection and privacy issues concerning facial image processing in public spaces},
   url ={https://shura.shu.ac.uk/11080/1/root.pdf},
   year = {2016}
}


@misc {MuseumVR,
    title = {Is VR the solution to isolation or part of the problem?},
    author = {Deakin, T.},
    url = {https://www.museumnext.com/article/is-vr-the-solution-to-isolation-or-part-of-the-problem/},
    year = {2021}
}

@misc {DronesFAA,
    title = {Recreational Flyers And Modeler Community-Based Organizations},
    url = {https://www.faa.gov/uas/recreational_fliers/},
    year = {2022}
}

@misc {GamingEWaste,
    title = {Next-Gen Gaming Is an Environmental Nightmare},
    author = {D'Anasatasio, C.},
    url = {https://www.wired.com/story/xbox-playstation-cloud-gaming-environment-nightmare/},
    year = {2020}
}


@misc {DistractedDrivingNHTSA,
    title = {Distracted Driving},
    url = {https://www.nhtsa.gov/risky-driving/distracted-driving},
    year = {2021}
}
